<?xml version="1.0" encoding="UTF-8"?><collection xmlns="http://www.loc.gov/MARC21/slim"><record><leader>00450nam--2200169-i-4500</leader><controlfield tag="001">000026344</controlfield><controlfield tag="002">20161230</controlfield><controlfield tag="005">20170104004057</controlfield><controlfield tag="008">060222s1000------------r-----000-0-eng-d</controlfield><datafield ind1=" " ind2=" " tag="080"><subfield code="a">55.3:528</subfield></datafield><datafield ind1=" " ind2=" " tag="245"><subfield code="a">3rd International Symposium geodesy and physics of the earth</subfield></datafield><datafield ind1=" " ind2=" " tag="260"><subfield code="a">Potsdam</subfield><subfield code="b">Zentralinstitut Fur Physic Der Erde</subfield><subfield code="c">1977</subfield></datafield><datafield ind1=" " ind2=" " tag="300"><subfield code="a">177 p</subfield></datafield><datafield ind1=" " ind2=" " tag="490"><subfield code="a">52</subfield></datafield><datafield ind1=" " ind2=" " tag="700"><subfield code="a">Massevitsch, A</subfield></datafield><datafield ind1=" " ind2=" " tag="852"><subfield code="a">48236</subfield></datafield><datafield ind1=" " ind2=" " tag="CAT"><subfield code="a">SYS</subfield><subfield code="c">20170104</subfield><subfield code="h">004057</subfield></datafield></record></collection>